@online{templatka,
  author = {brak danych},
  title = {title},
  year = {brak danych},
  url = {http://cookiez.pl/},
  urldate = {2022-04-20}
}

@online{prototyp3dzalety,
  author = {brak danych},
  title = {PROTOTYPOWANIE W DRUKU 3D â€“ ZALETY},
  year = {brak danych},
  url = {https://b3d.com.pl/szybkie-prototypowanie-w-druku-3d/},
  urldate = {2022-04-20}
}